@manual{biber,
   author   = {Kime, Philip and Charette, Fran√ßois},
   title    = {The Biber package},
   subtitle = {A BibTeX replacement for users of BibLaTeX},
   url      = {http://biblatex-biber.sourceforge.net/},
   urldate  = {2020-03-11},
   version  = {2.14},
}

